% This file was created with JabRef 2.10b2.
% Encoding: UTF-8


@Article{NEXUS,
  Title                    = {NEXUS: An Extensible File Format for Systematic Information},
  Author                   = {Maddison, DR and Swofford, DL and Maddison, WP},
  Journal                  = {Systematic Biology},
  Year                     = {1997},
  Number                   = {4},
  Pages                    = {590-621},
  Volume                   = {46},

  Owner                    = {mholder},
  Timestamp                = {2014.12.03}
}

@Article{SukumaranH2010,
  Title                    = {{DendroPy}: A Python library for phylogenetic computing},
  Author                   = {Jeet Sukumaran and Mark T. Holder},
  Journal                  = {Bioinformatics},
  Year                     = {2010},
  Number                   = {12},
  Pages                    = {1569-1571},
  Volume                   = {26},

  Date-added               = {2010-07-12 09:57:22 -0500},
  Date-modified            = {2010-07-12 10:38:20 -0500},
  Owner                    = {mholder},
  Timestamp                = {2014.12.04}
}

@Article{NeXML,
  Title                    = {NeXML: Rich, Extensible, and Verifiable Representation of Comparative Data and Metadata},
  Author                   = {Vos, RA and Balhoff, JP and Caravas, JA and Holder, MT and Lapp, H and Maddison, WP and Midford, PE and Priyam, A and Sukumaran, J and Xia, X},
  Journal                  = {Systematic Biology},
  Year                     = {2012},
  Number                   = {4},
  Pages                    = {675-689},
  Volume                   = {61},

  Owner                    = {mholder},
  Timestamp                = {2014.12.03}
}

