% This file was created with JabRef 2.10b2.
% Encoding: UTF-8


@Article{Felsenstein1985Comp,
  Title                    = {Phylogenies and the comparative method},
  Author                   = {Joseph Felsenstein},
  Journal                  = {American Naturalist},
  Year                     = {1985},
  Pages                    = {1--15},
  Volume                   = {125},

  Date-added               = {2007-09-05 13:23:19 -0500},
  Date-modified            = {2008-03-30 10:09:25 -0500},
  Owner                    = {mholder},
  Timestamp                = {2014.12.02}
}

@Book{Linne1758,
  Title                    = {Systema Naturae},
  Author                   = {Linn√©, Carl von},
  Year                     = {1758},
  Edition                  = {10},

  __markedentry            = {[mholder:6]},
  Owner                    = {mholder},
  Timestamp                = {2014.12.02}
}

